<?xml version="1.0" encoding="UTF-8"?><record xmlns="http://www.loc.gov/MARC21/slim" xmlns:cinclude="http://apache.org/cocoon/include/1.0" xmlns:zs="http://www.loc.gov/zing/srw/">
  <leader>00499nz  a2200145n  4500</leader>
  <controlfield tag="001">nr 94022362 </controlfield>
  <controlfield tag="003">DLC</controlfield>
  <controlfield tag="005">19940712100758.1</controlfield>
  <controlfield tag="008">940707n| acannaab|          |a ana      </controlfield>
  <datafield tag="010" ind1=" " ind2=" ">
    <subfield code="a">nr 94022362 </subfield>
  </datafield>
  <datafield tag="040" ind1=" " ind2=" ">
    <subfield code="a">DLC-R</subfield>
    <subfield code="c">DLC-R</subfield>
  </datafield>
  <datafield tag="130" ind1=" " ind2="0">
    <subfield code="a">Gendai sangyō jōhō</subfield>
  </datafield>
  <datafield tag="410" ind1="2" ind2="0">
    <subfield code="a">Gendai Sangyō Jōhō Kenkyūjo.</subfield>
    <subfield code="t">Gendai sangyō jōhō</subfield>
  </datafield>
  <datafield tag="670" ind1=" " ind2=" ">
    <subfield code="a">Jōhō no jōhō, 1991:</subfield>
    <subfield code="b">pref. (Gendai sangyō jōhō) colophon (publ. by Gendai Sangyō Jōhō Kenkyūjo)</subfield>
  </datafield>
  <datafield tag="675" ind1=" " ind2=" ">
    <subfield code="a">Shuppan kenkan, 1991.</subfield>
  </datafield>
</record>